%YAML 1.1
%TAG !u! tag:unity3d.com,2011:
--- !u!1 &6739096439079577524
GameObject:
  m_ObjectHideFlags: 0
  m_CorrespondingSourceObject: {fileID: 0}
  m_PrefabInstance: {fileID: 0}
  m_PrefabAsset: {fileID: 0}
  serializedVersion: 6
  m_Component:
  - component: {fileID: 6739096439079577525}
  - component: {fileID: 6739096439079577515}
  - component: {fileID: 6739096439079577513}
  - component: {fileID: 6739096439079577514}
  - component: {fileID: 1613036344239318871}
  m_Layer: 0
  m_Name: Eyes
  m_TagString: MainCamera
  m_Icon: {fileID: 7866945982896999795, guid: 0000000000000000d000000000000000, type: 0}
  m_NavMeshLayer: 0
  m_StaticEditorFlags: 0
  m_IsActive: 1
--- !u!4 &6739096439079577525
Transform:
  m_ObjectHideFlags: 0
  m_CorrespondingSourceObject: {fileID: 0}
  m_PrefabInstance: {fileID: 0}
  m_PrefabAsset: {fileID: 0}
  m_GameObject: {fileID: 6739096439079577524}
  m_LocalRotation: {x: -0, y: -0, z: -0, w: 1}
  m_LocalPosition: {x: 0, y: 0.18169999, z: 0.41376}
  m_LocalScale: {x: 1, y: 1, z: 1}
  m_ConstrainProportionsScale: 0
  m_Children: []
  m_Father: {fileID: 6001972513884047006}
  m_RootOrder: -1
  m_LocalEulerAnglesHint: {x: 0, y: 0, z: 0}
--- !u!20 &6739096439079577515
Camera:
  m_ObjectHideFlags: 0
  m_CorrespondingSourceObject: {fileID: 0}
  m_PrefabInstance: {fileID: 0}
  m_PrefabAsset: {fileID: 0}
  m_GameObject: {fileID: 6739096439079577524}
  m_Enabled: 1
  serializedVersion: 2
  m_ClearFlags: 1
  m_BackGroundColor: {r: 0, g: 0, b: 0, a: 0}
  m_projectionMatrixMode: 1
  m_GateFitMode: 2
  m_FOVAxisMode: 0
  m_Iso: 200
  m_ShutterSpeed: 0.005
  m_Aperture: 16
  m_FocusDistance: 10
  m_FocalLength: 50
  m_BladeCount: 5
  m_Curvature: {x: 2, y: 11}
  m_BarrelClipping: 0.25
  m_Anamorphism: 0
  m_SensorSize: {x: 36, y: 24}
  m_LensShift: {x: 0, y: 0}
  m_NormalizedViewPortRect:
    serializedVersion: 2
    x: 0
    y: 0
    width: 1
    height: 1
  near clip plane: 0.3
  far clip plane: 1000
  field of view: 60
  orthographic: 0
  orthographic size: 15.5
  m_Depth: 0
  m_CullingMask:
    serializedVersion: 2
    m_Bits: 8183
  m_RenderingPath: -1
  m_TargetTexture: {fileID: 0}
  m_TargetDisplay: 0
  m_TargetEye: 3
  m_HDR: 1
  m_AllowMSAA: 1
  m_AllowDynamicResolution: 0
  m_ForceIntoRT: 0
  m_OcclusionCulling: 1
  m_StereoConvergence: 10
  m_StereoSeparation: 0.022
--- !u!81 &6739096439079577513
AudioListener:
  m_ObjectHideFlags: 0
  m_CorrespondingSourceObject: {fileID: 0}
  m_PrefabInstance: {fileID: 0}
  m_PrefabAsset: {fileID: 0}
  m_GameObject: {fileID: 6739096439079577524}
  m_Enabled: 1
--- !u!114 &6739096439079577514
MonoBehaviour:
  m_ObjectHideFlags: 0
  m_CorrespondingSourceObject: {fileID: 0}
  m_PrefabInstance: {fileID: 0}
  m_PrefabAsset: {fileID: 0}
  m_GameObject: {fileID: 6739096439079577524}
  m_Enabled: 1
  m_EditorHideFlags: 0
  m_Script: {fileID: 11500000, guid: a79441f348de89743a2939f4d699eac1, type: 3}
  m_Name: 
  m_EditorClassIdentifier: 
  m_RenderShadows: 0
  m_RequiresDepthTextureOption: 2
  m_RequiresOpaqueTextureOption: 2
  m_CameraType: 0
  m_Cameras: []
  m_RendererIndex: -1
  m_VolumeLayerMask:
    serializedVersion: 2
    m_Bits: 0
  m_VolumeTrigger: {fileID: 0}
  m_VolumeFrameworkUpdateModeOption: 2
  m_RenderPostProcessing: 0
  m_Antialiasing: 0
  m_AntialiasingQuality: 2
  m_StopNaN: 0
  m_Dithering: 0
  m_ClearDepth: 1
  m_AllowXRRendering: 1
  m_UseScreenCoordOverride: 0
  m_ScreenSizeOverride: {x: 0, y: 0, z: 0, w: 0}
  m_ScreenCoordScaleBias: {x: 0, y: 0, z: 0, w: 0}
  m_RequiresDepthTexture: 0
  m_RequiresColorTexture: 0
  m_Version: 2
--- !u!114 &1613036344239318871
MonoBehaviour:
  m_ObjectHideFlags: 0
  m_CorrespondingSourceObject: {fileID: 0}
  m_PrefabInstance: {fileID: 0}
  m_PrefabAsset: {fileID: 0}
  m_GameObject: {fileID: 6739096439079577524}
  m_Enabled: 1
  m_EditorHideFlags: 0
  m_Script: {fileID: 11500000, guid: 01f0c1e069f5ec44da5ae05f8f1e5db4, type: 3}
  m_Name: 
  m_EditorClassIdentifier: 
  handleMultipleInstances: 0
  persistant: 0
  trs: {fileID: 6739096439079577525}
  camera: {fileID: 6739096439079577515}
  viewSize: {x: 0, y: 0}
  viewRect:
    serializedVersion: 2
    x: 0
    y: 0
    width: 0
    height: 0
  fitInNormalizedScreenViewRect:
    serializedVersion: 2
    x: 0
    y: 0
    width: 1
    height: 1
  parentTrs: {fileID: 6001972513884047006}
  rotateRate: 45
--- !u!1 &9213832136370072061
GameObject:
  m_ObjectHideFlags: 0
  m_CorrespondingSourceObject: {fileID: 0}
  m_PrefabInstance: {fileID: 0}
  m_PrefabAsset: {fileID: 0}
  serializedVersion: 6
  m_Component:
  - component: {fileID: 6001972513884047006}
  m_Layer: 0
  m_Name: Head
  m_TagString: Untagged
  m_Icon: {fileID: 0}
  m_NavMeshLayer: 0
  m_StaticEditorFlags: 0
  m_IsActive: 1
--- !u!4 &6001972513884047006
Transform:
  m_ObjectHideFlags: 0
  m_CorrespondingSourceObject: {fileID: 0}
  m_PrefabInstance: {fileID: 0}
  m_PrefabAsset: {fileID: 0}
  m_GameObject: {fileID: 9213832136370072061}
  m_LocalRotation: {x: -0, y: -0, z: -0, w: 1}
  m_LocalPosition: {x: 0, y: 0.6, z: 0}
  m_LocalScale: {x: 1, y: 1, z: 1}
  m_ConstrainProportionsScale: 0
  m_Children:
  - {fileID: 6739096439079577525}
  m_Father: {fileID: 8483613399512620896}
  m_RootOrder: -1
  m_LocalEulerAnglesHint: {x: 0, y: 0, z: 0}
--- !u!1001 &507631930996977797
PrefabInstance:
  m_ObjectHideFlags: 0
  serializedVersion: 2
  m_Modification:
    serializedVersion: 3
    m_TransformParent: {fileID: 0}
    m_Modifications:
    - target: {fileID: 706705487447612067, guid: 4592ee452287b134f933540c9cb05496, type: 3}
      propertyPath: m_Layer
      value: 6
      objectReference: {fileID: 0}
    - target: {fileID: 893714704663113404, guid: 4592ee452287b134f933540c9cb05496, type: 3}
      propertyPath: m_Materials.Array.data[0]
      value: 
      objectReference: {fileID: 2100000, guid: ec39192e5f61ca74f98e5a46d9ce7564, type: 2}
    - target: {fileID: 2483642544486266053, guid: 4592ee452287b134f933540c9cb05496, type: 3}
      propertyPath: m_Controller
      value: 
      objectReference: {fileID: 9100000, guid: b07ad766ee2a89f4cbe55eec984bbdfe, type: 2}
    - target: {fileID: 4303922512133206654, guid: 4592ee452287b134f933540c9cb05496, type: 3}
      propertyPath: m_StepOffset
      value: 1
      objectReference: {fileID: 0}
    - target: {fileID: 6893515384197113462, guid: 4592ee452287b134f933540c9cb05496, type: 3}
      propertyPath: entityIBelongTo
      value: 
      objectReference: {fileID: 5707123012080221627}
    - target: {fileID: 7899362246698665753, guid: 4592ee452287b134f933540c9cb05496, type: 3}
      propertyPath: m_Layer
      value: 6
      objectReference: {fileID: 0}
    - target: {fileID: 8264283426002694117, guid: 4592ee452287b134f933540c9cb05496, type: 3}
      propertyPath: m_RootOrder
      value: 0
      objectReference: {fileID: 0}
    - target: {fileID: 8264283426002694117, guid: 4592ee452287b134f933540c9cb05496, type: 3}
      propertyPath: m_LocalPosition.x
      value: 0
      objectReference: {fileID: 0}
    - target: {fileID: 8264283426002694117, guid: 4592ee452287b134f933540c9cb05496, type: 3}
      propertyPath: m_LocalPosition.y
      value: 0
      objectReference: {fileID: 0}
    - target: {fileID: 8264283426002694117, guid: 4592ee452287b134f933540c9cb05496, type: 3}
      propertyPath: m_LocalPosition.z
      value: 0
      objectReference: {fileID: 0}
    - target: {fileID: 8264283426002694117, guid: 4592ee452287b134f933540c9cb05496, type: 3}
      propertyPath: m_LocalRotation.w
      value: 1
      objectReference: {fileID: 0}
    - target: {fileID: 8264283426002694117, guid: 4592ee452287b134f933540c9cb05496, type: 3}
      propertyPath: m_LocalRotation.x
      value: 0
      objectReference: {fileID: 0}
    - target: {fileID: 8264283426002694117, guid: 4592ee452287b134f933540c9cb05496, type: 3}
      propertyPath: m_LocalRotation.y
      value: 0
      objectReference: {fileID: 0}
    - target: {fileID: 8264283426002694117, guid: 4592ee452287b134f933540c9cb05496, type: 3}
      propertyPath: m_LocalRotation.z
      value: 0
      objectReference: {fileID: 0}
    - target: {fileID: 8264283426002694117, guid: 4592ee452287b134f933540c9cb05496, type: 3}
      propertyPath: m_LocalEulerAnglesHint.x
      value: 0
      objectReference: {fileID: 0}
    - target: {fileID: 8264283426002694117, guid: 4592ee452287b134f933540c9cb05496, type: 3}
      propertyPath: m_LocalEulerAnglesHint.y
      value: 0
      objectReference: {fileID: 0}
    - target: {fileID: 8264283426002694117, guid: 4592ee452287b134f933540c9cb05496, type: 3}
      propertyPath: m_LocalEulerAnglesHint.z
      value: 0
      objectReference: {fileID: 0}
    - target: {fileID: 8264283426002694119, guid: 4592ee452287b134f933540c9cb05496, type: 3}
      propertyPath: m_Name
      value: Player
      objectReference: {fileID: 0}
    - target: {fileID: 8264283426002694119, guid: 4592ee452287b134f933540c9cb05496, type: 3}
      propertyPath: m_Layer
      value: 6
      objectReference: {fileID: 0}
    - target: {fileID: 8869718737199631659, guid: 4592ee452287b134f933540c9cb05496, type: 3}
      propertyPath: m_Layer
      value: 6
      objectReference: {fileID: 0}
    m_RemovedComponents:
    - {fileID: 5673919192412249115, guid: 4592ee452287b134f933540c9cb05496, type: 3}
    m_RemovedGameObjects: []
    m_AddedGameObjects:
    - targetCorrespondingSourceObject: {fileID: 8264283426002694117, guid: 4592ee452287b134f933540c9cb05496, type: 3}
      insertIndex: 0
      addedObject: {fileID: 6001972513884047006}
    - targetCorrespondingSourceObject: {fileID: 8893136453198825617, guid: 4592ee452287b134f933540c9cb05496, type: 3}
      insertIndex: -1
      addedObject: {fileID: 716736224784263936}
    m_AddedComponents:
    - targetCorrespondingSourceObject: {fileID: 8264283426002694119, guid: 4592ee452287b134f933540c9cb05496, type: 3}
      insertIndex: 1
      addedObject: {fileID: 5707123012080221627}
    - targetCorrespondingSourceObject: {fileID: 8264283426002694119, guid: 4592ee452287b134f933540c9cb05496, type: 3}
      insertIndex: 2
      addedObject: {fileID: 2505513238116694418}
  m_SourcePrefab: {fileID: 100100000, guid: 4592ee452287b134f933540c9cb05496, type: 3}
--- !u!4 &927733942051266311 stripped
Transform:
  m_CorrespondingSourceObject: {fileID: 852448718873538434, guid: 4592ee452287b134f933540c9cb05496, type: 3}
  m_PrefabInstance: {fileID: 507631930996977797}
  m_PrefabAsset: {fileID: 0}
--- !u!4 &1798349459135007783 stripped
Transform:
  m_CorrespondingSourceObject: {fileID: 2305418336512146594, guid: 4592ee452287b134f933540c9cb05496, type: 3}
  m_PrefabInstance: {fileID: 507631930996977797}
  m_PrefabAsset: {fileID: 0}
--- !u!95 &2701266084033381440 stripped
Animator:
  m_CorrespondingSourceObject: {fileID: 2483642544486266053, guid: 4592ee452287b134f933540c9cb05496, type: 3}
  m_PrefabInstance: {fileID: 507631930996977797}
  m_PrefabAsset: {fileID: 0}
--- !u!143 &4373525432683315963 stripped
CharacterController:
  m_CorrespondingSourceObject: {fileID: 4303922512133206654, guid: 4592ee452287b134f933540c9cb05496, type: 3}
  m_PrefabInstance: {fileID: 507631930996977797}
  m_PrefabAsset: {fileID: 0}
--- !u!54 &6096077812934640495 stripped
Rigidbody:
  m_CorrespondingSourceObject: {fileID: 6022129595055371242, guid: 4592ee452287b134f933540c9cb05496, type: 3}
  m_PrefabInstance: {fileID: 507631930996977797}
  m_PrefabAsset: {fileID: 0}
--- !u!136 &8255334269481794034 stripped
CapsuleCollider:
  m_CorrespondingSourceObject: {fileID: 8474558759650871671, guid: 4592ee452287b134f933540c9cb05496, type: 3}
  m_PrefabInstance: {fileID: 507631930996977797}
  m_PrefabAsset: {fileID: 0}
--- !u!4 &8483613399512620896 stripped
Transform:
  m_CorrespondingSourceObject: {fileID: 8264283426002694117, guid: 4592ee452287b134f933540c9cb05496, type: 3}
  m_PrefabInstance: {fileID: 507631930996977797}
  m_PrefabAsset: {fileID: 0}
--- !u!1 &8483613399512620898 stripped
GameObject:
  m_CorrespondingSourceObject: {fileID: 8264283426002694119, guid: 4592ee452287b134f933540c9cb05496, type: 3}
  m_PrefabInstance: {fileID: 507631930996977797}
  m_PrefabAsset: {fileID: 0}
--- !u!114 &5707123012080221627
MonoBehaviour:
  m_ObjectHideFlags: 0
  m_CorrespondingSourceObject: {fileID: 0}
  m_PrefabInstance: {fileID: 0}
  m_PrefabAsset: {fileID: 0}
  m_GameObject: {fileID: 8483613399512620898}
  m_Enabled: 1
  m_EditorHideFlags: 0
  m_Script: {fileID: 11500000, guid: 220410304ca8e124ca63230a5db0f727, type: 3}
  m_Name: 
  m_EditorClassIdentifier: 
  prefabIndex: 0
  maxHp: 1
  animator: {fileID: 2701266084033381440}
  trs: {fileID: 8483613399512620896}
  headTrs: {fileID: 6001972513884047006}
  rigid: {fileID: 6096077812934640495}
  controller: {fileID: 4373525432683315963}
  collider: {fileID: 8255334269481794034}
  moveSpeed: 9
  jumpSpeed: 30
  maxJumpDuration: 0.3
  groundCheckDistance: 0.02
  whatICollideWith:
    serializedVersion: 2
    m_Bits: 704
  groundCheckPoint: {fileID: 927733942051266311}
  slideRate: 150
  seeker: {fileID: 0}
  targetDistanceFromPathPoints: 0
  syncTrs: {fileID: 2505513238116694418}
  radius: 1
  attackEntriesDict:
    keys: []
    values: []
  attackRange: 0
  cameraGo: {fileID: 6739096439079577524}
  itemsParent: {fileID: 8962652477862590484}
  items:
  - {fileID: 7012842321018590597}
  usableItems:
  - {fileID: 7012842321018590597}
  actions: []
  bulletSpawnersParent: {fileID: 1798349459135007783}
--- !u!114 &2505513238116694418
MonoBehaviour:
  m_ObjectHideFlags: 0
  m_CorrespondingSourceObject: {fileID: 0}
  m_PrefabInstance: {fileID: 0}
  m_PrefabAsset: {fileID: 0}
  m_GameObject: {fileID: 8483613399512620898}
  m_Enabled: 1
  m_EditorHideFlags: 0
  m_Script: {fileID: 11500000, guid: c97fc9f41e8d4214192ae8c4fe0eb672, type: 3}
  m_Name: 
  m_EditorClassIdentifier: 
  entityIBelongTo: {fileID: 5707123012080221627}
  trs: {fileID: 8483613399512620896}
  id: 0
  syncPositionThreshold: 0.01
  syncRotationThreshold: 1
  idText: {fileID: 0}
--- !u!4 &8962652477862590484 stripped
Transform:
  m_CorrespondingSourceObject: {fileID: 8893136453198825617, guid: 4592ee452287b134f933540c9cb05496, type: 3}
  m_PrefabInstance: {fileID: 507631930996977797}
  m_PrefabAsset: {fileID: 0}
--- !u!1001 &7033760636760104298
PrefabInstance:
  m_ObjectHideFlags: 0
  serializedVersion: 2
  m_Modification:
    serializedVersion: 3
    m_TransformParent: {fileID: 8962652477862590484}
    m_Modifications:
    - target: {fileID: 58105784408836335, guid: da4af39c043725b42831046090e5dde0, type: 3}
      propertyPath: animationEntry.animator
      value: 
      objectReference: {fileID: 2701266084033381440}
    - target: {fileID: 58105784408836335, guid: da4af39c043725b42831046090e5dde0, type: 3}
      propertyPath: animationEntry.animatorStateName
      value: Wooden Sword
      objectReference: {fileID: 0}
    - target: {fileID: 1088602889546211875, guid: da4af39c043725b42831046090e5dde0, type: 3}
      propertyPath: m_VersionIndex
      value: 87
      objectReference: {fileID: 0}
    - target: {fileID: 1328693431314738849, guid: da4af39c043725b42831046090e5dde0, type: 3}
      propertyPath: m_Layer
      value: 12
      objectReference: {fileID: 0}
    - target: {fileID: 7525140889289471592, guid: da4af39c043725b42831046090e5dde0, type: 3}
      propertyPath: m_Name
      value: Wooden Sword
      objectReference: {fileID: 0}
    - target: {fileID: 7525140889289471594, guid: da4af39c043725b42831046090e5dde0, type: 3}
      propertyPath: m_RootOrder
      value: 0
      objectReference: {fileID: 0}
    - target: {fileID: 7525140889289471594, guid: da4af39c043725b42831046090e5dde0, type: 3}
      propertyPath: m_LocalPosition.x
      value: 0.25
      objectReference: {fileID: 0}
    - target: {fileID: 7525140889289471594, guid: da4af39c043725b42831046090e5dde0, type: 3}
      propertyPath: m_LocalPosition.y
      value: 0
      objectReference: {fileID: 0}
    - target: {fileID: 7525140889289471594, guid: da4af39c043725b42831046090e5dde0, type: 3}
      propertyPath: m_LocalPosition.z
      value: 0.8
      objectReference: {fileID: 0}
    - target: {fileID: 7525140889289471594, guid: da4af39c043725b42831046090e5dde0, type: 3}
      propertyPath: m_LocalRotation.w
      value: 1
      objectReference: {fileID: 0}
    - target: {fileID: 7525140889289471594, guid: da4af39c043725b42831046090e5dde0, type: 3}
      propertyPath: m_LocalRotation.x
      value: 0
      objectReference: {fileID: 0}
    - target: {fileID: 7525140889289471594, guid: da4af39c043725b42831046090e5dde0, type: 3}
      propertyPath: m_LocalRotation.y
      value: 0
      objectReference: {fileID: 0}
    - target: {fileID: 7525140889289471594, guid: da4af39c043725b42831046090e5dde0, type: 3}
      propertyPath: m_LocalRotation.z
      value: 0
      objectReference: {fileID: 0}
    - target: {fileID: 7525140889289471594, guid: da4af39c043725b42831046090e5dde0, type: 3}
      propertyPath: m_LocalEulerAnglesHint.x
      value: 0
      objectReference: {fileID: 0}
    - target: {fileID: 7525140889289471594, guid: da4af39c043725b42831046090e5dde0, type: 3}
      propertyPath: m_LocalEulerAnglesHint.y
      value: 0
      objectReference: {fileID: 0}
    - target: {fileID: 7525140889289471594, guid: da4af39c043725b42831046090e5dde0, type: 3}
      propertyPath: m_LocalEulerAnglesHint.z
      value: 0
      objectReference: {fileID: 0}
    m_RemovedComponents: []
    m_RemovedGameObjects: []
    m_AddedGameObjects: []
    m_AddedComponents: []
  m_SourcePrefab: {fileID: 100100000, guid: da4af39c043725b42831046090e5dde0, type: 3}
--- !u!4 &716736224784263936 stripped
Transform:
  m_CorrespondingSourceObject: {fileID: 7525140889289471594, guid: da4af39c043725b42831046090e5dde0, type: 3}
  m_PrefabInstance: {fileID: 7033760636760104298}
  m_PrefabAsset: {fileID: 0}
--- !u!114 &7012842321018590597 stripped
MonoBehaviour:
  m_CorrespondingSourceObject: {fileID: 58105784408836335, guid: da4af39c043725b42831046090e5dde0, type: 3}
  m_PrefabInstance: {fileID: 7033760636760104298}
  m_PrefabAsset: {fileID: 0}
  m_GameObject: {fileID: 0}
  m_Enabled: 1
  m_EditorHideFlags: 0
  m_Script: {fileID: 11500000, guid: 0b47caa04dca90a4383911c0b58d9cd1, type: 3}
  m_Name: 
  m_EditorClassIdentifier: 
