%YAML 1.1
%TAG !u! tag:unity3d.com,2011:
--- !u!1001 &126938839747391524
PrefabInstance:
  m_ObjectHideFlags: 0
  serializedVersion: 2
  m_Modification:
    serializedVersion: 2
    m_TransformParent: {fileID: 0}
    m_Modifications:
    - target: {fileID: 3935543508452208800, guid: 850fd3f366bb75a43b29250b7ff3dea8, type: 3}
      propertyPath: m_RootOrder
      value: 0
      objectReference: {fileID: 0}
    - target: {fileID: 3935543508452208800, guid: 850fd3f366bb75a43b29250b7ff3dea8, type: 3}
      propertyPath: m_LocalPosition.x
      value: 0
      objectReference: {fileID: 0}
    - target: {fileID: 3935543508452208800, guid: 850fd3f366bb75a43b29250b7ff3dea8, type: 3}
      propertyPath: m_LocalPosition.y
      value: 0
      objectReference: {fileID: 0}
    - target: {fileID: 3935543508452208800, guid: 850fd3f366bb75a43b29250b7ff3dea8, type: 3}
      propertyPath: m_LocalPosition.z
      value: 0
      objectReference: {fileID: 0}
    - target: {fileID: 3935543508452208800, guid: 850fd3f366bb75a43b29250b7ff3dea8, type: 3}
      propertyPath: m_LocalRotation.w
      value: 1
      objectReference: {fileID: 0}
    - target: {fileID: 3935543508452208800, guid: 850fd3f366bb75a43b29250b7ff3dea8, type: 3}
      propertyPath: m_LocalRotation.x
      value: 0
      objectReference: {fileID: 0}
    - target: {fileID: 3935543508452208800, guid: 850fd3f366bb75a43b29250b7ff3dea8, type: 3}
      propertyPath: m_LocalRotation.y
      value: 0
      objectReference: {fileID: 0}
    - target: {fileID: 3935543508452208800, guid: 850fd3f366bb75a43b29250b7ff3dea8, type: 3}
      propertyPath: m_LocalRotation.z
      value: 0
      objectReference: {fileID: 0}
    - target: {fileID: 3935543508452208800, guid: 850fd3f366bb75a43b29250b7ff3dea8, type: 3}
      propertyPath: m_LocalEulerAnglesHint.x
      value: 0
      objectReference: {fileID: 0}
    - target: {fileID: 3935543508452208800, guid: 850fd3f366bb75a43b29250b7ff3dea8, type: 3}
      propertyPath: m_LocalEulerAnglesHint.y
      value: 0
      objectReference: {fileID: 0}
    - target: {fileID: 3935543508452208800, guid: 850fd3f366bb75a43b29250b7ff3dea8, type: 3}
      propertyPath: m_LocalEulerAnglesHint.z
      value: 0
      objectReference: {fileID: 0}
    - target: {fileID: 3935543508452208802, guid: 850fd3f366bb75a43b29250b7ff3dea8, type: 3}
      propertyPath: m_Name
      value: Weapon
      objectReference: {fileID: 0}
    m_RemovedComponents:
    - {fileID: 3935543508452208803, guid: 850fd3f366bb75a43b29250b7ff3dea8, type: 3}
    m_AddedGameObjects: []
  m_SourcePrefab: {fileID: 100100000, guid: 850fd3f366bb75a43b29250b7ff3dea8, type: 3}
--- !u!224 &3989944953506025923 stripped
RectTransform:
  m_CorrespondingSourceObject: {fileID: 3935543509339152871, guid: 850fd3f366bb75a43b29250b7ff3dea8, type: 3}
  m_PrefabInstance: {fileID: 126938839747391524}
  m_PrefabAsset: {fileID: 0}
--- !u!4 &3989944954665599108 stripped
Transform:
  m_CorrespondingSourceObject: {fileID: 3935543508452208800, guid: 850fd3f366bb75a43b29250b7ff3dea8, type: 3}
  m_PrefabInstance: {fileID: 126938839747391524}
  m_PrefabAsset: {fileID: 0}
--- !u!1 &3989944954665599110 stripped
GameObject:
  m_CorrespondingSourceObject: {fileID: 3935543508452208802, guid: 850fd3f366bb75a43b29250b7ff3dea8, type: 3}
  m_PrefabInstance: {fileID: 126938839747391524}
  m_PrefabAsset: {fileID: 0}
--- !u!114 &7168302858374683168
MonoBehaviour:
  m_ObjectHideFlags: 0
  m_CorrespondingSourceObject: {fileID: 0}
  m_PrefabInstance: {fileID: 0}
  m_PrefabAsset: {fileID: 0}
  m_GameObject: {fileID: 3989944954665599110}
  m_Enabled: 1
  m_EditorHideFlags: 0
  m_Script: {fileID: 11500000, guid: 312782a250ba4984fb207f7d788e24fb, type: 3}
  m_Name: 
  m_EditorClassIdentifier: 
  cost: 0
  trs: {fileID: 3989944954665599108}
  uiTrs: {fileID: 3989944953506025923}
  costText: {fileID: 7495133040894335522}
  graphicsAndColliderrGo: {fileID: 4987368244969936962}
  uiTrsHeight: 0
  description: 
  bulletPatternEntry:
    name: 
    bulletPattern: {fileID: 0}
    bulletPrefab: {fileID: 0}
    spawner: {fileID: 0}
  animationEntry:
    animatorStateName: 
    layer: 0
    animator: {fileID: 0}
--- !u!1 &4987368244969936962 stripped
GameObject:
  m_CorrespondingSourceObject: {fileID: 4968678534804990054, guid: 850fd3f366bb75a43b29250b7ff3dea8, type: 3}
  m_PrefabInstance: {fileID: 126938839747391524}
  m_PrefabAsset: {fileID: 0}
--- !u!114 &7495133040894335522 stripped
MonoBehaviour:
  m_CorrespondingSourceObject: {fileID: 7622049873153174022, guid: 850fd3f366bb75a43b29250b7ff3dea8, type: 3}
  m_PrefabInstance: {fileID: 126938839747391524}
  m_PrefabAsset: {fileID: 0}
  m_GameObject: {fileID: 0}
  m_Enabled: 1
  m_EditorHideFlags: 0
  m_Script: {fileID: 11500000, guid: 3e3b52f9bd609d34b83ea37f1cea3f67, type: 3}
  m_Name: 
  m_EditorClassIdentifier: 
